@article{huang2008unified,
  title={Is this a unified theory of the brain},
  author={Huang, Gregory},
  journal={New Scientist},
  volume={2658},
  pages={30--33},
  year={2008}
}

@article{friston2010free,
  title={The free-energy principle: a unified brain theory?},
  author={Friston, Karl},
  journal={Nature Reviews Neuroscience},
  volume={11},
  number={2},
  pages={127},
  year={2010},
  publisher={Nature Publishing Group}
}

@article{friston2012history,
  title={The history of the future of the Bayesian brain},
  author={Friston, Karl},
  journal={NeuroImage},
  volume={62},
  number={2},
  pages={1230--1233},
  year={2012},
  publisher={Elsevier}
}

@article{helmholtz1866concerning,
  title={Concerning the perceptions in general},
  author={Helmholtz, H von},
  journal={Treatise on physiological optics,},
  year={1866}
}

@article{knill2004bayesian,
  title={The Bayesian brain: the role of uncertainty in neural coding and computation},
  author={Knill, David C and Pouget, Alexandre},
  journal={TRENDS in Neurosciences},
  volume={27},
  number={12},
  pages={712--719},
  year={2004},
  publisher={Elsevier}
}

@article{lecun2015deep,
  title={Deep learning},
  author={LeCun, Yann and Bengio, Yoshua and Hinton, Geoffrey},
  journal={nature},
  volume={521},
  number={7553},
  pages={436},
  year={2015},
  publisher={Nature Publishing Group}
}

@article{gal2016uncertainty,
  title={Uncertainty in deep learning},
  author={Gal, Yarin},
  journal={University of Cambridge},
  year={2016}
}

@inproceedings{gal2016dropout,
  title={Dropout as a Bayesian approximation: Representing model uncertainty in deep learning},
  author={Gal, Yarin and Ghahramani, Zoubin},
  booktitle={international conference on machine learning},
  pages={1050--1059},
  year={2016}
}

@book{beal2003variational,
  title={Variational algorithms for approximate Bayesian inference},
  author={Beal, Matthew James and others},
  year={2003},
  publisher={university of London London}
}

@article{bekolay2014nengo,
  title={Nengo: a Python tool for building large-scale functional brain models},
  author={Bekolay, Trevor and Bergstra, James and Hunsberger, Eric and DeWolf, Travis and Stewart, Terrence C and Rasmussen, Daniel and Choo, Xuan and Voelker, Aaron and Eliasmith, Chris},
  journal={Frontiers in neuroinformatics},
  volume={7},
  pages={48},
  year={2014},
  publisher={Frontiers}
}

@book{eliasmith2004neural,
  title={Neural engineering: Computation, representation, and dynamics in neurobiological systems},
  author={Eliasmith, Chris and Anderson, Charles H},
  year={2004},
  publisher={MIT press}
}

@inproceedings{abadi2016tensorflow,
  title={TensorFlow: A System for Large-Scale Machine Learning.},
  author={Abadi, Mart{\'\i}n and Barham, Paul and Chen, Jianmin and Chen, Zhifeng and Davis, Andy and Dean, Jeffrey and Devin, Matthieu and Ghemawat, Sanjay and Irving, Geoffrey and Isard, Michael and others},
  booktitle={OSDI},
  volume={16},
  pages={265--283},
  year={2016}
}

@article{hunsberger2015spiking,
  title={Spiking deep networks with LIF neurons},
  author={Hunsberger, Eric and Eliasmith, Chris},
  journal={arXiv preprint arXiv:1510.08829},
  year={2015}
}

@article{srivastava2014dropout,
  title={Dropout: A simple way to prevent neural networks from overfitting},
  author={Srivastava, Nitish and Hinton, Geoffrey and Krizhevsky, Alex and Sutskever, Ilya and Salakhutdinov, Ruslan},
  journal={The Journal of Machine Learning Research},
  volume={15},
  number={1},
  pages={1929--1958},
  year={2014},
  publisher={JMLR. org}
}

@article{hinton2012improving,
  title={Improving neural networks by preventing co-adaptation of feature detectors},
  author={Hinton, Geoffrey E and Srivastava, Nitish and Krizhevsky, Alex and Sutskever, Ilya and Salakhutdinov, Ruslan R},
  journal={arXiv preprint arXiv:1207.0580},
  year={2012}
}

@article{maass2014noise,
  title={Noise as a resource for computation and learning in networks of spiking neurons},
  author={Maass, Wolfgang},
  journal={Proceedings of the IEEE},
  volume={102},
  number={5},
  pages={860--880},
  year={2014},
  publisher={IEEE}
}

@article{srinivas2016generalized,
  title={Generalized dropout},
  author={Srinivas, Suraj and Babu, R Venkatesh},
  journal={arXiv preprint arXiv:1611.06791},
  year={2016}
}

@article{lecun1998mnist,
  title={The MNIST database of handwritten digits},
  author={LeCun, Yann},
  journal={http://yann. lecun. com/exdb/mnist/},
  year={1998}
}

@article{cao2015spiking,
  title={Spiking deep convolutional neural networks for energy-efficient object recognition},
  author={Cao, Yongqiang and Chen, Yang and Khosla, Deepak},
  journal={International Journal of Computer Vision},
  volume={113},
  number={1},
  pages={54--66},
  year={2015},
  publisher={Springer}
}

@inproceedings{kendall2017uncertainties,
  title={What uncertainties do we need in bayesian deep learning for computer vision?},
  author={Kendall, Alex and Gal, Yarin},
  booktitle={Advances in Neural Information Processing Systems},
  pages={5580--5590},
  year={2017}
}

@article{mirza2018human,
  title={Human visual exploration reduces uncertainty about the sensed world},
  author={Mirza, M Berk and Adams, Rick A and Mathys, Christoph and Friston, Karl J},
  journal={PloS one},
  volume={13},
  number={1},
  pages={e0190429},
  year={2018},
  publisher={Public Library of Science}
}

@book{rolls1998neural,
  title={Neural networks and brain function},
  author={Rolls, Edmund T and Treves, Alessandro and Rolls, Edmund T},
  volume={572},
  year={1998},
  publisher={Oxford university press Oxford}
}

@book{motwani2010randomized,
  title={Randomized algorithms},
  author={Motwani, Rajeev and Raghavan, Prabhakar},
  year={2010},
  publisher={Chapman \& Hall/CRC}
}